@article{hamilton2015zoology,
  title={Zoology: Here be dragons},
  author={Hamilton, Andrew J and May, Robert M and Waters, Edward K},
  journal={Nature},
  volume={520},
  number={7545},
  pages={42},
  year={2015},
  publisher={Nature Publishing Group}
}